<?xml version="1.0" encoding="UTF-8"?><collection xmlns="http://www.loc.gov/MARC21/slim"><record><leader>00418nam--2200157-i-4500</leader><controlfield tag="001">000025170</controlfield><controlfield tag="002">20161230</controlfield><controlfield tag="005">20170305190330</controlfield><controlfield tag="008">060222s1000------------r-----000-0-eng-d</controlfield><datafield ind1=" " ind2=" " tag="100"><subfield code="a">Carlan, Miltiade</subfield></datafield><datafield ind1=" " ind2=" " tag="245"><subfield code="a">Optimizari in ingineria energetica culegere de probleme</subfield></datafield><datafield ind1=" " ind2=" " tag="260"><subfield code="a">Bucuresti</subfield><subfield code="b">Editura Tehnica</subfield><subfield code="c">1983</subfield></datafield><datafield ind1=" " ind2=" " tag="300"><subfield code="a">192 p</subfield></datafield><datafield ind1=" " ind2=" " tag="700"><subfield code="a">Gheorghe, Adrian</subfield></datafield><datafield ind1=" " ind2=" " tag="852"><subfield code="a">620.4</subfield></datafield><datafield ind1=" " ind2=" " tag="CAT"><subfield code="a">SYS</subfield><subfield code="c">20170305</subfield><subfield code="h">190330</subfield></datafield></record></collection>